@article{chinnDiligenceLazinessChinese1980,
  title = {Diligence and Laziness in Chinese Agricultural Production Teams.Pdf},
  author = {Chinn, Dennis L.},
  year = {1980},
  journal = {Journal of Development Economics},
  volume = {7},
  pages = {331--344},
  keywords = {/reading,test},
  file = {/Users/liminglin/Zotero/storage/H65V7IUW/Diligence and laziness in chinese agricultural production teams.pdf}
}

@article{nitzanDiligenceLazinessChinese1987,
  title = {Diligence and Laziness in the {{Chinese}} Countryside Revisited},
  author = {Nitzan, Shmuel and Schnytzer, Adi},
  year = {1987},
  month = aug,
  journal = {Journal of Development Economics},
  volume = {26},
  number = {2},
  pages = {407--418},
  issn = {03043878},
  doi = {10.1016/0304-3878(87)90039-3},
  urldate = {2025-03-03},
  copyright = {https://www.elsevier.com/tdm/userlicense/1.0/},
  langid = {english},
  keywords = {/reading,read},
  file = {/Users/liminglin/Zotero/storage/9Q5KKVKG/Nitzan and Schnytzer - 1987 - Diligence and laziness in the Chinese countryside .pdf}
}

